
@article{knake_amperometric_2005,
	title = {Amperometric sensing in the gas-phase},
	volume = {549},
	issn = {00032670},
	url = {http://linkinghub.elsevier.com/retrieve/pii/S0003267005009840},
	doi = {10.1016/j.aca.2005.06.007},
	language = {en},
	number = {1-2},
	urldate = {2014-04-22},
	journal = {Analytica Chimica Acta},
	author = {Knake, Ren√© and Jacquinot, Patrick and Hodgson, Alexia W.E. and Hauser, Peter C.},
	month = sep,
	year = {2005},
	pages = {1--9},
	file = {Knake et al. - 2005 - Amperometric sensing in the gas-phase.pdf:C\:\\Users\\gerbomi\\Zotero\\storage\\E35GQDEG\\Knake et al. - 2005 - Amperometric sensing in the gas-phase.pdf:application/pdf}
}